[gd_scene load_steps=4 format=1]

[ext_resource path="res://scripts/parallax_background.gd" type="Script" id=1]
[ext_resource path="res://assets/Backgrounds/star parallax 2/nebulae.png" type="Texture" id=2]
[ext_resource path="res://assets/Backgrounds/star parallax 2/starfield.png" type="Texture" id=3]

[node name="Background" type="Node2D"]

[node name="ParallaxBackground" type="ParallaxBackground" parent="."]

layer = -1
offset = Vector2( 0, 0 )
rotation = 0.0
scale = Vector2( 1, 1 )
scroll/offset = Vector2( 0, 0 )
scroll/base_offset = Vector2( 0, 0 )
scroll/base_scale = Vector2( 1, 1 )
scroll/limit_begin = Vector2( 0, 0 )
scroll/limit_end = Vector2( 0, 0 )
scroll/ignore_camera_zoom = false
script/script = ExtResource( 1 )

[node name="ParallaxLayer" type="ParallaxLayer" parent="ParallaxBackground"]

motion/scale = Vector2( 1, 1 )
motion/offset = Vector2( 0, 0 )
motion/mirroring = Vector2( 0, 2000 )

[node name="Sprite" type="Sprite" parent="ParallaxBackground/ParallaxLayer"]

texture = ExtResource( 2 )
centered = false

[node name="Sprite 2" type="Sprite" parent="ParallaxBackground/ParallaxLayer"]

visibility/blend_mode = 1
transform/pos = Vector2( -1000, 1000 )
texture = ExtResource( 2 )

[node name="ParallaxLayer 2" type="ParallaxLayer" parent="ParallaxBackground"]

motion/scale = Vector2( 1, 1 )
motion/offset = Vector2( 0, 0 )
motion/mirroring = Vector2( 0, 2000 )

[node name="Sprite 2" type="Sprite" parent="ParallaxBackground/ParallaxLayer 2"]

visibility/blend_mode = 1
transform/pos = Vector2( -1000, 1000 )
transform/scale = Vector2( 1.24236, 1.27174 )
texture = ExtResource( 3 )

[node name="Sprite" type="Sprite" parent="ParallaxBackground/ParallaxLayer 2"]

visibility/blend_mode = 1
transform/scale = Vector2( 1.25126, 1.24597 )
texture = ExtResource( 3 )
centered = false


